<?xml version="1.0" encoding="UTF-8"?>
<collection
  xmlns:xsi="http://www.w3.org/2001/XMLSchema-instance"
  xsi:schemaLocation="http://www.loc.gov/MARC21/slim http://www.loc.gov/standards/marcxml/schema/MARC21slim.xsd"
  xmlns="http://www.loc.gov/MARC21/slim">

<record>
  <leader>04955ckdaa2200733 a 4500</leader>
  <controlfield tag="001">3462429</controlfield>
  <controlfield tag="005">20100226103446.0</controlfield>
  <controlfield tag="008">890606s1910    cau||| ||||||     k|eng d</controlfield>
  <datafield tag="035" ind1=" " ind2=" ">
    <subfield code="a">(OCoLC)271453113</subfield>
  </datafield>
  <datafield tag="035" ind1=" " ind2=" ">
    <subfield code="a">(OCoLC)ocn271453113</subfield>
  </datafield>
  <datafield tag="035" ind1=" " ind2=" ">
    <subfield code="a">(CStRLIN)NYDA89-F680</subfield>
  </datafield>
  <datafield tag="035" ind1=" " ind2=" ">
    <subfield code="9">AAA2900AD</subfield>
  </datafield>
  <datafield tag="035" ind1=" " ind2=" ">
    <subfield code="a">(NNC)3462429</subfield>
  </datafield>
  <datafield tag="040" ind1=" " ind2=" ">
    <subfield code="a">NNC</subfield>
    <subfield code="c">NNC</subfield>
    <subfield code="e">gihc</subfield>
  </datafield>
  <datafield tag="043" ind1=" " ind2=" ">
    <subfield code="a">n-us-ca</subfield>
  </datafield>
  <datafield tag="090" ind1=" " ind2=" ">
    <subfield code="i">08/15/01 X</subfield>
    <subfield code="h">01/09/92 N</subfield>
  </datafield>
  <datafield tag="110" ind1="2" ind2=" ">
    <subfield code="a">Greene &amp; Greene.</subfield>
  </datafield>
  <datafield tag="240" ind1="1" ind2="0">
    <subfield code="a">John Lambert house (Pasadena, Calif.).</subfield>
    <subfield code="p">Garage with keeper's quarters</subfield>
  </datafield>
  <datafield tag="245" ind1="1" ind2="0">
    <subfield code="a">Garage and keeper's house for John Lambert Esq., at Pasadena, Calif.</subfield>
    <subfield code="h">[graphic] /</subfield>
    <subfield code="c">Greene and Greene, Arch'ts.</subfield>
  </datafield>
  <datafield tag="260" ind1=" " ind2=" ">
    <subfield code="c">March 1910.</subfield>
  </datafield>
  <datafield tag="300" ind1=" " ind2=" ">
    <subfield code="a">18 drawings :</subfield>
    <subfield code="b">various media ;</subfield>
    <subfield code="c">51.9 x 63 cm.(20 1/2 x 24 7/8 in.) or smaller.</subfield>
  </datafield>
  <datafield tag="500" ind1=" " ind2=" ">
    <subfield code="a">Scale varies.</subfield>
  </datafield>
  <datafield tag="500" ind1=" " ind2=" ">
    <subfield code="a">Bracketed title elements supplied by cataloger or taken from inventory.</subfield>
  </datafield>
  <datafield tag="500" ind1=" " ind2=" ">
    <subfield code="a">Forms part of the Greene &amp; Greene architectural drawings, Dept. of Drawings &amp; Archives, Avery Architectural and Fine Arts Library.</subfield>
  </datafield>
  <datafield tag="500" ind1=" " ind2=" ">
    <subfield code="a">"The scale of this project and the Greenes' criteria for craftsmanship made it too costly and the clients turned to other architects for a more modest design" -- from Greene &amp; Greene, architecture as a fine art, by Randell Makinson, Salt Lake City, 1977. p. 189.</subfield>
  </datafield>
  <datafield tag="500" ind1=" " ind2=" ">
    <subfield code="a">This set consists of 14 drawings, graphite on tracing paper; 3 drawings, graphite and ink on tracing paper; and 1 drawings, graphite and crayon on paper.</subfield>
  </datafield>
  <datafield tag="561" ind1=" " ind2=" ">
    <subfield code="a">Gift of Jean Murray Bangs (Mrs. Harwell Hamilton Harris), 1960; formerly the collection of Charles Sumner Greene.</subfield>
  </datafield>
  <datafield tag="650" ind1=" " ind2="7">
    <subfield code="a">Houses.</subfield>
    <subfield code="2">aat</subfield>
  </datafield>
  <datafield tag="650" ind1=" " ind2="7">
    <subfield code="a">Garages.</subfield>
    <subfield code="2">aat</subfield>
  </datafield>
  <datafield tag="650" ind1=" " ind2="7">
    <subfield code="a">Servants' quarters.</subfield>
    <subfield code="2">tlctgm</subfield>
  </datafield>
  <datafield tag="655" ind1=" " ind2="7">
    <subfield code="a">Detail drawings.</subfield>
    <subfield code="2">aat</subfield>
  </datafield>
  <datafield tag="655" ind1=" " ind2="7">
    <subfield code="a">Preliminary drawings.</subfield>
    <subfield code="2">aat</subfield>
  </datafield>
  <datafield tag="655" ind1=" " ind2="7">
    <subfield code="a">Sketches.</subfield>
    <subfield code="2">aat</subfield>
  </datafield>
  <datafield tag="655" ind1=" " ind2="7">
    <subfield code="a">Architectural drawings</subfield>
    <subfield code="x">American.</subfield>
    <subfield code="2">aat</subfield>
  </datafield>
  <datafield tag="655" ind1=" " ind2="7">
    <subfield code="a">Orthographic drawings.</subfield>
    <subfield code="2">aat</subfield>
  </datafield>
  <datafield tag="691" ind1=" " ind2="0">
    <subfield code="a">Pasadena (Calif.)</subfield>
  </datafield>
  <datafield tag="697" ind1="2" ind2="4">
    <subfield code="a">John Lambert house (Pasadena, Calif.).</subfield>
    <subfield code="b">Garage with keeper's quarters.</subfield>
  </datafield>
  <datafield tag="650" ind1=" " ind2="0">
    <subfield code="a">Architecture</subfield>
    <subfield code="z">United States</subfield>
    <subfield code="v">Designs and plans.</subfield>
  </datafield>
  <datafield tag="700" ind1="1" ind2=" ">
    <subfield code="a">Greene, Charles Sumner,</subfield>
    <subfield code="d">1868-1957.</subfield>
  </datafield>
  <datafield tag="700" ind1="1" ind2=" ">
    <subfield code="a">Greene, Henry Mather,</subfield>
    <subfield code="d">1870-1954.</subfield>
  </datafield>
  <datafield tag="700" ind1="1" ind2=" ">
    <subfield code="a">Lambert, John.</subfield>
  </datafield>
  <datafield tag="755" ind1=" " ind2=" ">
    <subfield code="a">Pencil drawings.</subfield>
    <subfield code="2">aat</subfield>
  </datafield>
  <datafield tag="755" ind1=" " ind2=" ">
    <subfield code="a">Ink drawings.</subfield>
    <subfield code="2">aat</subfield>
  </datafield>
  <datafield tag="755" ind1=" " ind2=" ">
    <subfield code="a">Crayon drawings.</subfield>
    <subfield code="2">aat</subfield>
  </datafield>
  <datafield tag="799" ind1="4" ind2="1">
    <subfield code="a">The Greene &amp; Greene architectural drawings.</subfield>
  </datafield>
  <datafield tag="789" ind1="0" ind2=" ">
    <subfield code="1">[1]</subfield>
    <subfield code="i">NYDA.1960.001.04520.</subfield>
    <subfield code="t">Foundation plan :</subfield>
    <subfield code="n">Sheet no. 1,</subfield>
    <subfield code="d">March 23rd, 1910.</subfield>
    <subfield code="o">Stamped "Mar. 25, 1910'.</subfield>
  </datafield>
  <datafield tag="789" ind1="0" ind2=" ">
    <subfield code="1">[2]</subfield>
    <subfield code="i">NYDA.1960.001.04521.</subfield>
    <subfield code="t">First floor plan :</subfield>
    <subfield code="n">Sheet no. 2,</subfield>
    <subfield code="d">March 23rd, 1910.</subfield>
    <subfield code="o">Stamped "Mar. 25, 1910".</subfield>
    <subfield code="o">"Removable wood floor for cow stalls".</subfield>
    <subfield code="o">"Doors on 1st floor 6'-8" high unless otherwise marked".</subfield>
    <subfield code="o">"Man's room, closet and shower room, hall, washrm. and toilet plastered thru-out. Balance of 1st floor [to] have plastered ceilings only, walls whitewashedor cemented".</subfield>
  </datafield>
  <datafield tag="789" ind1="0" ind2=" ">
    <subfield code="1">[3]</subfield>
    <subfield code="i">NYDA.1960.001.04522.</subfield>
    <subfield code="t">[Sketch of floor plan],</subfield>
    <subfield code="d">Mar. 29, 1910.</subfield>
  </datafield>
  <datafield tag="789" ind1="0" ind2=" ">
    <subfield code="1">[4]</subfield>
    <subfield code="i">NYDA.1960.001.04523.</subfield>
    <subfield code="t">Second floor plan ; north (front) elevation :</subfield>
    <subfield code="n">Sheet no. 3,</subfield>
    <subfield code="d">March 23rd, 1910.</subfield>
    <subfield code="o">Stamped "Mar. 25, 1910".</subfield>
    <subfield code="o">"2nd floor plastered throughout".</subfield>
    <subfield code="o">"Doors on 2nd floor 6'-6" high unless otherwise marked".</subfield>
  </datafield>
  <datafield tag="789" ind1="0" ind2=" ">
    <subfield code="1">[5]</subfield>
    <subfield code="i">NYDA.1960.001.04524.</subfield>
    <subfield code="t">[Sketch of floor plan],</subfield>
    <subfield code="d">Mar. 29, 1910.</subfield>
  </datafield>
  <datafield tag="789" ind1="0" ind2=" ">
    <subfield code="1">[6]</subfield>
    <subfield code="i">NYDA.1960.001.04525.</subfield>
    <subfield code="t">[Sketch of north (front) elevation],</subfield>
    <subfield code="d">Mar. 29, 1910.</subfield>
  </datafield>
  <datafield tag="789" ind1="0" ind2=" ">
    <subfield code="1">[7]</subfield>
    <subfield code="i">NYDA.1960.001.04526.</subfield>
    <subfield code="t">West elevation :</subfield>
    <subfield code="n">Sheet no. 4,</subfield>
    <subfield code="d">March 23rd, 1910.</subfield>
    <subfield code="o">Stamped "Mar. 25, 1910".</subfield>
  </datafield>
  <datafield tag="789" ind1="0" ind2=" ">
    <subfield code="1">[8]</subfield>
    <subfield code="i">NYDA.1960.001.04527.</subfield>
    <subfield code="t">[Sketch of west elevation],</subfield>
    <subfield code="d">Mar. 29, 1910.</subfield>
  </datafield>
  <datafield tag="789" ind1="0" ind2=" ">
    <subfield code="1">[9]</subfield>
    <subfield code="i">NYDA.1960.001.04528.</subfield>
    <subfield code="t">South elevation :</subfield>
    <subfield code="n">Sheet no. 5,</subfield>
    <subfield code="d">March 23rd, 1910.</subfield>
    <subfield code="o">Stamped "Mar. 25, 1910".</subfield>
  </datafield>
  <datafield tag="789" ind1="0" ind2=" ">
    <subfield code="1">[10]</subfield>
    <subfield code="i">NYDA.1960.001.04529.</subfield>
    <subfield code="t">South elevation,</subfield>
    <subfield code="d">Mar. 29, 1910.</subfield>
  </datafield>
  <datafield tag="789" ind1="0" ind2=" ">
    <subfield code="1">[11]</subfield>
    <subfield code="i">NYDA.1960.001.04530.</subfield>
    <subfield code="t">East elevation :</subfield>
    <subfield code="n">Sheet no. 6,</subfield>
    <subfield code="d">March 23rd, 1910.</subfield>
    <subfield code="o">Stamped "Mar. 25, 1910".</subfield>
  </datafield>
  <datafield tag="789" ind1="0" ind2=" ">
    <subfield code="1">[12]</subfield>
    <subfield code="i">NYDA.1960.001.04531.</subfield>
    <subfield code="t">East elevation,</subfield>
    <subfield code="d">Mar. 29, 1910.</subfield>
  </datafield>
  <datafield tag="789" ind1="0" ind2=" ">
    <subfield code="1">[13]</subfield>
    <subfield code="i">NYDA.1960.001.04532.</subfield>
    <subfield code="t">Details -- typical wall section, [section through] cas[e]ments,</subfield>
    <subfield code="d">Mar. 25, 1910.</subfield>
  </datafield>
  <datafield tag="789" ind1="0" ind2=" ">
    <subfield code="1">[14]</subfield>
    <subfield code="i">NYDA.1960.001.04533.</subfield>
    <subfield code="t">Details -- section thru verge board, [section through eave], ridge board, [unidentified detail of roof],</subfield>
    <subfield code="d">Mar. 25, 1910.</subfield>
  </datafield>
  <datafield tag="789" ind1="0" ind2=" ">
    <subfield code="1">[15]</subfield>
    <subfield code="i">NYDA.1960.001.04534.</subfield>
    <subfield code="t">[Detail of doors] -- typical exterior door frame, washrm. to toilet (1st floor), doors to cow stalls (note that these doors swing out), door [from] man's rm. to garage looking east, man's rm. to hall, hall to laundry, typical 2nd floor door frame detail,</subfield>
    <subfield code="d">Mar. 25, 1910.</subfield>
  </datafield>
  <datafield tag="789" ind1="0" ind2=" ">
    <subfield code="1">[16]</subfield>
    <subfield code="i">NYDA.1960.001.04535.</subfield>
    <subfield code="t">Hood over west door [in section and half elevation],</subfield>
    <subfield code="d">Mar. 25, 1910.</subfield>
  </datafield>
  <datafield tag="789" ind1="0" ind2=" ">
    <subfield code="1">[17]</subfield>
    <subfield code="i">NYDA.1960.001.04536.</subfield>
    <subfield code="t">[Elevation of] garage doors,</subfield>
    <subfield code="d">Mar. 25, 1910.</subfield>
  </datafield>
  <datafield tag="789" ind1="0" ind2=" ">
    <subfield code="1">[18]</subfield>
    <subfield code="i">NYDA.1960.001.04537.</subfield>
    <subfield code="t">[Unidentified detail in section],</subfield>
    <subfield code="d">Mar. 25, 1910.</subfield>
    <subfield code="o">Encapsulated in mylar.</subfield>
  </datafield>
  <datafield tag="900" ind1=" " ind2=" ">
    <subfield code="a">AUTH</subfield>
  </datafield>
</record>

</collection>